% Cyberwheel Bibliography - Updated with Related Work
% References for cybersecurity, reinforcement learning, and adversarial training

% Foundational Cybersecurity and Game Theory
@book{alpcan2010network,
  title={Network security: A decision and game-theoretic approach},
  author={Alpcan, Tansu and Ba{\c{s}}ar, Tamer},
  publisher={Cambridge University Press},
  year={2010}
}

@inproceedings{sommer2010outside,
  title={Outside the closed world: On using machine learning for network intrusion detection},
  author={Sommer, Robin and Paxson, Vern},
  booktitle={IEEE Symposium on Security and Privacy},
  pages={305--316},
  year={2010}
}

% Adversarial Machine Learning
@article{goodfellow2014explaining,
  title={Explaining and harnessing adversarial examples},
  author={Goodfellow, Ian J and Shlens, Jonathon and Szegedy, Christian},
  journal={arXiv preprint arXiv:1412.6572},
  year={2014}
}

% Early RL in Cybersecurity
@inproceedings{malialis2015distributed,
  title={Distributed reinforcement learning for cyber-security in critical infrastructures},
  author={Malialis, Kleanthis and Kudenko, Daniel},
  booktitle={Technologies for Homeland Security},
  pages={1--6},
  year={2015}
}

% Recent RL Applications in Cybersecurity
@article{oh2023applying,
  title={Applying reinforcement learning for enhanced cybersecurity against adversarial simulation},
  author={Oh, Sung Hoon and Jeong, Min Kyoung and Kim, Hyung Chul and Park, Jonghyun},
  journal={Sensors},
  volume={23},
  number={6},
  pages={3000},
  year={2023},
  publisher={MDPI}
}

@article{oh2024employing,
  title={Employing deep reinforcement learning to cyber-attack simulation for enhancing cybersecurity},
  author={Oh, Sung Hoon and Kim, Jongho and Nah, Joon Hyuk and Park, Jonghyun},
  journal={Electronics},
  volume={13},
  number={3},
  pages={555},
  year={2024},
  publisher={MDPI}
}

% Adversarial RL in Cybersecurity
@article{borchjes2023adversarial,
  title={Adversarial Deep Reinforcement Learning for Cyber Security in Software Defined Networks},
  author={Borchjes, Luke and Nyirenda, Clement and Leenen, Louise},
  journal={arXiv preprint arXiv:2308.04909},
  year={2023}
}

@article{farooq2025combining,
  title={Combining Supervised and Reinforcement Learning to Build a Generic Defensive Cyber Agent},
  author={Farooq, Muhammad Omar and Kunz, Thomas},
  journal={Journal of Cybersecurity and Privacy},
  volume={5},
  number={2},
  pages={23},
  year={2025},
  publisher={MDPI}
}

% Cyber Deception Research
@article{zhu2021survey,
  title={A survey of defensive deception: Approaches using game theory and machine learning},
  author={Zhu, Minghui and Anwar, Ahmed H and Wan, Zheyuan and Cho, Jin-Hee and Kamhoua, Charles A and Singh, Munindar P},
  journal={IEEE Communications Surveys \& Tutorials},
  volume={23},
  number={4},
  pages={2460--2493},
  year={2021},
  publisher={IEEE}
}

@inproceedings{zhang2022optimal,
  title={Optimal Strategy Selection for Cyber Deception via Deep Reinforcement Learning},
  author={Zhang, Yang and Liu, Feng and Chen, Hao},
  booktitle={2022 IEEE Smartworld, Ubiquitous Intelligence \& Computing},
  pages={1--8},
  year={2022},
  organization={IEEE}
}

@article{anwar2022honeypot,
  title={Honeypot allocation for cyber deception under uncertainty},
  author={Anwar, Ahmed H and Kamhoua, Charles A and Leslie, Nandi O and Sengupta, Shamik},
  journal={IEEE Transactions on Network and Service Management},
  volume={19},
  number={4},
  pages={4636--4649},
  year={2022},
  publisher={IEEE}
}

% Self-Play and Adversarial Training
@inproceedings{bai2020provable,
  title={Provable self-play algorithms for competitive reinforcement learning},
  author={Bai, Yu and Jin, Chi},
  booktitle={International conference on machine learning},
  pages={551--560},
  year={2020},
  organization={PMLR}
}

@article{zhang2024survey,
  title={A survey on self-play methods in reinforcement learning},
  author={Zhang, Ruichen and Xu, Zhihan and Ma, Chao and Yu, Chao and Tu, Wei-Wei and Tang, Wen and others},
  journal={arXiv preprint arXiv:2408.01072},
  year={2024}
}

% Core RL Algorithms
@article{schulman2017proximal,
  title={Proximal policy optimization algorithms},
  author={Schulman, John and Wolski, Filip and Dhariwal, Prafulla and Radford, Alec and Klimov, Oleg},
  journal={arXiv preprint arXiv:1707.06347},
  year={2017}
}

@inproceedings{lowe2017multi,
  title={Multi-agent actor-critic for mixed cooperative-competitive environments},
  author={Lowe, Ryan and Wu, Yi I and Tamar, Aviv and Harb, Jean and Abbeel, Pieter and Mordatch, Igor},
  booktitle={Advances in neural information processing systems},
  pages={6379--6390},
  year={2017}
}

% Multi-Agent RL
@article{bansal2017emergent,
  title={Emergent complexity via multi-agent competition},
  author={Bansal, Trapit and Pachocki, Jakub and Sidor, Szymon and Sutskever, Ilya and Mordatch, Igor},
  journal={arXiv preprint arXiv:1710.03748},
  year={2017}
}

@inproceedings{tampuu2017multiagent,
  title={Multiagent deep reinforcement learning with extremely sparse rewards},
  author={Tampuu, Ardi and Matiisen, Tambet and Kodelja, Dorian and Kuzovkin, Ilya and Korjus, Kristjan and Aru, Juhan and Aru, Jaan and Vicente, Raul},
  booktitle={International Conference on Machine Learning},
  pages={4662--4670},
  year={2017}
}

% MITRE Framework
@misc{mitre_attack,
  title={MITRE ATT\&CK Framework},
  author={{MITRE Corporation}},
  year={2023},
  url={https://attack.mitre.org/}
}

% Recent Comprehensive Surveys
@article{beltran2025cyber,
  title={Cyber Deception: Taxonomy, State of the Art, Frameworks, Trends, and Open Challenges},
  author={Beltr{\'a}n-L{\'o}pez, Pablo and P{\'e}rez, Manuel Gil and Nespoli, Pantaleone},
  journal={IEEE Communications Surveys \& Tutorials},
  year={2025},
  publisher={IEEE}
}

@article{mohan2022leveraging,
  title={Leveraging computational intelligence techniques for defensive deception: a review, recent advances, open problems and future directions},
  author={Mohan, Pavan Venkata and Dixit, Sushil and Gyaneshwar, Aman and Chadha, Urvashi and others},
  journal={Sensors},
  volume={22},
  number={6},
  pages={2194},
  year={2022},
  publisher={MDPI}
}
